<record><leader>00000cas a22000007a 4500</leader><controlfield tag="001">40352328</controlfield><controlfield tag="008">981119d19101911cauuu ne      0    0eng d</controlfield><datafield ind1=" " ind2=" " tag="010"><subfield code="a">sn 98061659 </subfield></datafield><datafield ind1=" " ind2=" " tag="040"><subfield code="a">CNK</subfield><subfield code="b">eng</subfield><subfield code="c">CNK</subfield><subfield code="d">OCLCQ</subfield><subfield code="d">OCLCF</subfield><subfield code="d">OCLCO</subfield></datafield><datafield ind1="1" ind2=" " tag="029"><subfield code="a">AU@</subfield><subfield code="b">000014546241</subfield></datafield><datafield ind1=" " ind2=" " tag="042"><subfield code="a">msc</subfield></datafield><datafield ind1="0" ind2="0" tag="245"><subfield code="a">Coast times.</subfield></datafield><datafield ind1=" " ind2=" " tag="260"><subfield code="a">Crescreat [i.e. Crescent] City, Del Norte County, Calif. :</subfield><subfield code="b">Geo. Sartwell</subfield></datafield><datafield ind1=" " ind2=" " tag="300"><subfield code="a">v.</subfield></datafield><datafield ind1="0" ind2=" " tag="362"><subfield code="a">Vol. 1, no. 1 (June 29, 1910)-</subfield></datafield><datafield ind1="1" ind2=" " tag="362"><subfield code="a">Ceased in 1911.</subfield></datafield><datafield ind1=" " ind2=" " tag="580"><subfield code="a">Merged with: Crescent City news, and: Del Norte record, to form: Del Norte triplicate.</subfield></datafield><datafield ind1=" " ind2="0" tag="651"><subfield code="a">Del Norte County (Calif.)</subfield><subfield code="v">Newspapers.</subfield></datafield><datafield ind1=" " ind2="7" tag="655"><subfield code="a">Newspapers.</subfield><subfield code="2">fast</subfield><subfield code="0">(OCoLC)fst01423814</subfield></datafield><datafield ind1=" " ind2="7" tag="651"><subfield code="a">California</subfield><subfield code="z">Del Norte County.</subfield><subfield code="2">fast</subfield><subfield code="0">(OCoLC)fst01215841</subfield></datafield><datafield ind1=" " ind2=" " tag="752"><subfield code="a">United States</subfield><subfield code="b">California</subfield><subfield code="c">Del Norte</subfield><subfield code="d">Crescent City.</subfield></datafield><datafield ind1="1" ind2="7" tag="785"><subfield code="t">Crescent City news</subfield><subfield code="w">(DLC)sn 93052967</subfield></datafield><datafield ind1="1" ind2="7" tag="785"><subfield code="t">Del Norte record</subfield><subfield code="w">(DLC)sn 93052966</subfield></datafield><datafield ind1="1" ind2="7" tag="785"><subfield code="t">Del Norte triplicate</subfield><subfield code="w">(DLC)sn 93052968</subfield></datafield></record>